<record><leader>00000cas a22000007a 4500</leader><controlfield tag="001">27085326</controlfield><controlfield tag="008">921208d19731975scucr ne      0    0eng d</controlfield><datafield ind1=" " ind2=" " tag="010"><subfield code="a">sn 92065716 </subfield></datafield><datafield ind1=" " ind2=" " tag="040"><subfield code="a">SVN</subfield><subfield code="b">eng</subfield><subfield code="c">SVN</subfield><subfield code="d">OCLCQ</subfield></datafield><datafield ind1=" " ind2=" " tag="042"><subfield code="a">msc</subfield></datafield><datafield ind1="0" ind2=" " tag="130"><subfield code="a">Journal American (Georgetown, S.C.)</subfield></datafield><datafield ind1="1" ind2="0" tag="245"><subfield code="a">Journal American.</subfield></datafield><datafield ind1=" " ind2=" " tag="260"><subfield code="a">Georgetown, S.C. :</subfield><subfield code="b">United Communications Co.</subfield></datafield><datafield ind1=" " ind2=" " tag="300"><subfield code="a">v.</subfield></datafield><datafield ind1=" " ind2=" " tag="310"><subfield code="a">Semiweekly,</subfield><subfield code="b">Nov. 24, 1974-&lt;Dec. 29, 1974&gt;</subfield></datafield><datafield ind1=" " ind2=" " tag="321"><subfield code="a">Daily (except Sun.),</subfield><subfield code="b">Aug. 13, 1973-Nov. 22, 1974</subfield></datafield><datafield ind1="0" ind2=" " tag="362"><subfield code="a">Vol. 1, no. 136 (Aug. 13, 1973)-</subfield></datafield><datafield ind1="1" ind2=" " tag="362"><subfield code="a">Ceased in 1975?</subfield></datafield><datafield ind1=" " ind2="4" tag="651"><subfield code="a">Georgetown County (S.C.)</subfield><subfield code="v">Newspapers.</subfield></datafield><datafield ind1=" " ind2=" " tag="752"><subfield code="a">United States</subfield><subfield code="b">South Carolina</subfield><subfield code="c">Georgetown</subfield><subfield code="d">Georgetown.</subfield></datafield><datafield ind1="0" ind2="0" tag="780"><subfield code="t">Grand Strand journal American</subfield><subfield code="w">(DLC)sn 92065703</subfield></datafield><datafield ind1="1" ind2=" " tag="029"><subfield code="a">AU@</subfield><subfield code="b">000020751010</subfield></datafield></record>